<record><leader>00000cas a22000007a 4500</leader><controlfield tag="001">26890386</controlfield><controlfield tag="008">921030d1874187umouwr ne      0    0eng d</controlfield><datafield ind1=" " ind2=" " tag="010"><subfield code="a">sn 92058945 </subfield></datafield><datafield ind1=" " ind2=" " tag="040"><subfield code="a">MQN</subfield><subfield code="b">eng</subfield><subfield code="c">MQN</subfield><subfield code="d">MGN</subfield><subfield code="d">OCLCQ</subfield></datafield><datafield ind1=" " ind2=" " tag="042"><subfield code="a">msc</subfield></datafield><datafield ind1="0" ind2=" " tag="130"><subfield code="a">Current wave (Eminence, Mo. : 1874)</subfield></datafield><datafield ind1="1" ind2="4" tag="245"><subfield code="a">The current wave.</subfield></datafield><datafield ind1=" " ind2=" " tag="260"><subfield code="a">Eminence, Shannon Co., Mo. :</subfield><subfield code="b">J. Wm. Wingo</subfield></datafield><datafield ind1=" " ind2=" " tag="300"><subfield code="a">v.</subfield></datafield><datafield ind1=" " ind2=" " tag="310"><subfield code="a">Weekly</subfield></datafield><datafield ind1="1" ind2=" " tag="362"><subfield code="a">Began in June 1874.</subfield></datafield><datafield ind1=" " ind2=" " tag="500"><subfield code="a">Publishers: George F. Chilton, James Orchard, and A.M. De Priest, &lt;1876&gt;; A.M. DePriest, &lt;1878&gt;.</subfield></datafield><datafield ind1=" " ind2=" " tag="500"><subfield code="a">Editors: J. Wm. Wingo, &lt;1874&gt;; P.H. Seaman, &lt;1876&gt;; C.S. Sherman, &lt;1878&gt;.</subfield></datafield><datafield ind1=" " ind2=" " tag="588"><subfield code="a">Description based on: Vol. 1, no. 11 (Dec. 19, 1874).</subfield></datafield><datafield ind1=" " ind2="4" tag="651"><subfield code="a">Eminence (Mo.)</subfield><subfield code="v">Newspapers.</subfield></datafield><datafield ind1=" " ind2=" " tag="752"><subfield code="a">United States</subfield><subfield code="b">Missouri</subfield><subfield code="c">Shannon</subfield><subfield code="d">Eminence.</subfield></datafield><datafield ind1="0" ind2="0" tag="785"><subfield code="t">Argus (Eminence, Mo.)</subfield></datafield><datafield ind1="1" ind2=" " tag="029"><subfield code="a">AU@</subfield><subfield code="b">000020716209</subfield></datafield></record>